@article{epr,
	author = "A. Einstein and B. Podolsky and N. Rosen",
	journal = "Phys. Rev.", 
	volume = "47",
	pages = "777",
	year = "1935",
}

@article{apm,
	author = "A. Gilchrist and P. Deuar and M. D. Reid",
	journal = "Phys. Rev. Lett", 
	volume = "80",
	pages = "3169",
	year = "1998",
}

@article{wg,
	author = "W. J. Munro and G. J. Milburn",
	journal = "Phys. Rev. Lett.", 
	volume = "81",
	pages = "4285",
	year = "1998",
}

@article{bd,
	author = "B. Yurke and D. Stoler",
	journal = "Phys. Rev. Lett", 
	volume = "79",
	pages = "4941",
	year = "1997",
}

@article{ejh,
	author = "E. S. Polzik and J. Carry and H. J. Kimble",
	journal = "Phys. Rev. Lett", 
	volume = "68",
	pages = "3020",
	year = "1992",
}

@article{jmar,
	author = "J. F. Clauser and M. A. Horne and A. Shimony and R. A. Holt",
	journal = "Phys. Rev. Lett", 
	volume = "23",
	pages = "880",
	year = "1969",
}

@article{ppa,
	author = "P. G. Kwiat and P. H. Eberhard and A. M. Steinberg and R. Y. Chiao",
	journal = "Phys. Rev. A", 
	volume = "49",
	pages = "3209",
	year = "1994",
}

@article{mpma,
	author = "M. Freyberger and P. K. Aravind and M. A. Horne and A. Shimony",
	journal = "Phys. Rev. A", 
	volume = "53",
	pages = "1232",
	year = "1995",
}

@article{ets,
	author = "E. S. Fry and T. Walther and S. Li",
	journal = "Phys. Rev. A", 
	volume = "52",
	pages = "4381",
	year = "1996",
}

@article{gs,
	author = "G. S. Agarwal",
	journal = "Phys. Rev. Lett.", 
	volume = "57",
	pages = "827",
	year = "1986",
}

@article{kg,
	author = "K. Tara and G. S. Agarwal",
	journal = "Phys. Rev. A", 
	volume = "50",
	pages = "2870",
	year = "1994",
}

@article{ml,
	author = "M. D. Reid and L. Krippner",
	journal = "Phys. Rev. A", 
	volume = "47",
	pages = "552",
	year = "1993",
}

@article{bell,
	author = "J. S. Bell",
	journal = "Physics (N.Y.)", 
	volume = "1",
	pages = "195",
	year = "1965",
}

@article{jma,
	author = "J. F. Clauser and M. A. Horne",
	journal = "Phys. Rev. D", 
	volume = "10",
	pages = "526",
	year = "1974",
}

@article{jfa,
	author = "J. F. Clauser and A. Shimony",
	journal = "Rep. Prog. Phys.", 
	volume = "41",
	pages = "1881",
	year = "1978",
}

@article{mdr,
	author = "M. D. Reid",
	journal = "Phys. Rev. A", 
	volume = "40",
	pages = "913",
	year = "1989",
}

@article{scm,
	author = "S. L. Braunstein and C. M. Caves",
	journal = "Phys. Rev. Lett.", 
	volume = "61",
	pages = "662",
	year = "1998",
}

@book{mia,
	author = "M. Abramowitz and I. A. Stegun",
	title = "Handbook of Mathematical Functions",
	publisher = "Dover Publications Inc",
	city = "New York",
	year = "1965",
}